<?xml version="1.0" encoding="UTF-8"?><collection xmlns="http://www.loc.gov/MARC21/slim"><record><leader>00415nam--2200121-i-4500</leader><controlfield tag="001">000039421</controlfield><controlfield tag="002">20161230</controlfield><controlfield tag="005">20161230201042</controlfield><controlfield tag="008">060222s1000------------r-----000-0-eng-d</controlfield><datafield ind1=" " ind2=" " tag="100"><subfield code="a">Robouch, B.V</subfield></datafield><datafield ind1=" " ind2=" " tag="245"><subfield code="a">Etude de la topographie du champ magnetique et optique des trajectoires de sortie des particules dans un accelerateur ffag du type ohkawa. these</subfield></datafield><datafield ind1=" " ind2=" " tag="260"><subfield code="a">Lyon, Faculte Des Sciences, 1961, 82p</subfield></datafield><datafield ind1=" " ind2=" " tag="852"><subfield code="a">19138</subfield></datafield></record></collection>